@article{fama1970,
  title={Efficient capital markets: A review of theory and empirical work},
  author={Fama, Eugene F},
  journal={The journal of Finance},
  volume={25},
  number={2},
  pages={383--417},
  year={1970},
  publisher={Wiley Online Library}
}

@article{fama1976,
  title={Efficient capital markets: reply},
  author={Fama, Eugene F},
  journal={The Journal of Finance},
  volume={31},
  number={1},
  pages={143--145},
  year={1976},
  publisher={JSTOR}
}

@book{brooks2014,
  title={Business adventures: twelve classic tales from the world of wall street},
  author={Brooks, John},
  year={2014},
  publisher={Open Road Media}
}

@misc{IEX,
  title = {{IEX Market Data}},
  howpublished = "\url{https://iextrading.com/trading/market-data/}",
  year = {2021},
  note = "[Online; accessed 15-February-2021]"
}
